<?xml version="1.0" encoding="UTF-8"?>
<collection xmlns="http://www.loc.gov/MARC21/slim">
<!-- Missing -->
    <record>
        <leader>01450cam a2200337 i 4500</leader>
        <controlfield tag="001">aonlyMissing</controlfield>
        <controlfield tag="008">770621s1883    ii            000 0 eng d</controlfield>
        <datafield tag="245" ind1="0" ind2="0">
            <subfield code="a">only item is missing</subfield>
            <subfield code="b">from 51388</subfield>
        </datafield>
        <datafield tag="999" ind1=" " ind2=" ">
            <subfield code="a">363.2 .V349</subfield>
            <subfield code="w">DEWEY</subfield>
            <subfield code="c">1</subfield>
            <subfield code="i">36105002467384</subfield>
            <subfield code="k">MISSING</subfield>
            <subfield code="l">STACKS</subfield>
            <subfield code="m">SAL</subfield>
        </datafield>
    </record>