
    <record>
        <leader>01936cas a2200277   4500</leader>
        <controlfield tag="001">amissingDiff</controlfield>
        <controlfield tag="008">790220c19739999enkuu         0    0eng d</controlfield>
        <datafield tag="245" ind1="0" ind2="0">
            <subfield code="a">missing and non-missing items w diff call numbers</subfield>
        </datafield>
        <datafield tag="999" ind1=" " ind2=" ">
            <subfield code="a">A1 .B2</subfield>
            <subfield code="w">LCPER</subfield>
            <subfield code="c">1</subfield>
            <subfield code="i">111</subfield>
            <subfield code="k">MISSING</subfield>
            <subfield code="l">STACKS</subfield>
            <subfield code="m">SAL</subfield>
        </datafield>
        <datafield tag="999" ind1=" " ind2=" ">
            <subfield code="a">B2 .C3</subfield>
            <subfield code="w">LCPER</subfield>
            <subfield code="c">2</subfield>
            <subfield code="i">222</subfield>
            <subfield code="l">STACKS</subfield>
            <subfield code="m">SAL</subfield>
        </datafield>
    </record>