
    <record>
        <leader>01936cas a2200277   4500</leader>
        <controlfield tag="001">amissingSame</controlfield>
        <controlfield tag="008">790220c19739999enkuu         0    0eng d</controlfield>
        <datafield tag="245" ind1="0" ind2="0">
            <subfield code="a">missing item has call number matching lopped of non-missing items</subfield>
            <subfield code="b">from 404447</subfield>
        </datafield>
        <datafield tag="999" ind1=" " ind2=" ">
            <subfield code="a">TR692 .P37</subfield>
            <subfield code="w">LCPER</subfield>
            <subfield code="c">1</subfield>
            <subfield code="i">36105042256730</subfield>
            <subfield code="k">MISSING</subfield>
            <subfield code="l">STACKS</subfield>
            <subfield code="m">GREEN</subfield>
        </datafield>
        <datafield tag="999" ind1=" " ind2=" ">
            <subfield code="a">TR692 .P37 V.3 1978</subfield>
            <subfield code="w">LCPER</subfield>
            <subfield code="c">2</subfield>
            <subfield code="i">36105000549084</subfield>
            <subfield code="l">STACKS</subfield>
            <subfield code="m">SAL</subfield>
        </datafield>
        <datafield tag="999" ind1=" " ind2=" ">
            <subfield code="a">TR692 .P37 V.1 1973</subfield>
            <subfield code="w">LCPER</subfield>
            <subfield code="c">2</subfield>
            <subfield code="i">36105000549068</subfield>
            <subfield code="l">STACKS</subfield>
            <subfield code="m">SAL</subfield>
        </datafield>
    </record>