
<!-- Lost -->   
    <record>
        <leader>01450cam a2200337 i 4500</leader>
        <controlfield tag="001">aonlyLost</controlfield>
        <controlfield tag="008">770621s1883    ii            000 0 eng d</controlfield>
        <datafield tag="245" ind1="0" ind2="0">
            <subfield code="a">only item is lost</subfield>
        </datafield>
        <datafield tag="999" ind1=" " ind2=" ">
            <subfield code="a">363.2 .V349</subfield>
            <subfield code="w">DEWEY</subfield>
            <subfield code="c">1</subfield>
            <subfield code="i">36105002467384</subfield>
            <subfield code="k">LOST-ASSUM</subfield>
            <subfield code="l">STACKS</subfield>
            <subfield code="m">SAL</subfield>
        </datafield>
    </record>